@article{Dung95,
  author    = {Phan Minh Dung},
  title     = {On the Acceptability of Arguments and its Fundamental Role in Nonmonotonic
               Reasoning, Logic Programming and n-Person Games},
  journal   = {Artif. Intell.},
  volume    = {77},
  number    = {2},
  pages     = {321--358},
  year      = {1995},
}

@article{BondarenkoDKT97,
  author    = {Andrei Bondarenko and
               Phan Minh Dung and
               Robert A. Kowalski and
               Francesca Toni},
  title     = {An Abstract, Argumentation-Theoretic Approach to Default Reasoning},
  journal   = {Artif. Intell.},
  volume    = {93},
  pages     = {63--101},
  year      = {1997},
}

@article{ThimmV17,
  author    = {Matthias Thimm and
               Serena Villata},
  title     = {The first international competition on computational models of argumentation:
               Results and analysis},
  journal   = {Artif. Intell.},
  volume    = {252},
  pages     = {267--294},
  year      = {2017},
}

@article{GagglLMW20,
  author    = {Sarah Alice Gaggl and
               Thomas Linsbichler and
               Marco Maratea and
               Stefan Woltran},
  title     = {Design and results of the Second International Competition on Computational
               Models of Argumentation},
  journal   = {Artif. Intell.},
  volume    = {279},
  year      = {2020},
}

@inproceedings{BistarelliK0T20,
  author    = {Stefano Bistarelli and
               Lars Kotthoff and
               Francesco Santini and
               Carlo Taticchi},
  title     = {A First Overview of ICCMA'19},
  booktitle = {Proceedings of the Workshop on Advances In Argumentation In Artificial
               Intelligence 2020 co-located with the 19th International Conference
               of the Italian Association for Artificial Intelligence (AIxIA 2020),
               Online, November 25-26, 2020},
  pages     = {90--102},
  year      = {2020},
}

@inproceedings{LagniezLMR20,
  author    = {Jean{-}Marie Lagniez and
               Emmanuel Lonca and
               Jean{-}Guy Mailly and
               Julien Rossit},
  title     = {Introducing the Fourth International Competition on Computational
               Models of Argumentation},
  booktitle = {Proceedings of the Third International Workshop on Systems and Algorithms
               for Formal Argumentation co-located with the 8th International Conference
               on Computational Models of Argument {(COMMA} 2020), September 8, 2020},
  pages     = {80--85},
  year      = {2020},
}

@article{BeynierCGHLMW19,
  author    = {Aur{\'{e}}lie Beynier and
               Yann Chevaleyre and
               Laurent Gourv{\`{e}}s and
               Ararat Harutyunyan and
               Julien Lesca and
               Nicolas Maudet and
               Ana{\"{e}}lle Wilczynski},
  title     = {Local envy-freeness in house allocation problems},
  journal   = {Auton. Agents Multi Agent Syst.},
  volume    = {33},
  number    = {5},
  pages     = {591--627},
  year      = {2019},
}

@article{BerreP10,
  author    = {Daniel Le Berre and
               Anne Parrain},
  title     = {The Sat4j library, release 2.2},
  journal   = {J. Satisf. Boolean Model. Comput.},
  volume    = {7},
  number    = {2-3},
  pages     = {59--6},
  year      = {2010},
}